%%%%%%%%%%% Articles %%%%%%%%%%%%%%%%%
@article{He&Garcia2009,
  author = {Haibo He AND Edwardo A. Garcia},
  title = {Learning from imbalanced data},
  year = {2009},
  journal = {IEEE Trans. Knowl. Data Eng.},
  volume = {21},
  number = {9},
  pages = {1263--1284}
}
%==Ref2
@article{Christdoulou2019,
  author = {Chrisodoulou, E and Jie, M and Collins, GS and Steyerberg, EW and Verbakel, JY and Van Calster, B},
  title = {A systematic review shows no performance benefit of machine learning over logistic regression for clinical prediction models},
  year = {2019},
  journal = {J Clin Epidemiol},
  volume = {110},
  pages = {12--22}
}

%==Ref3
@article{Oommen2011,
  author = "Oommen, T and Baise, LG and Vogel, RM",
  title = "Sampling Bias and Class Imbalance in Maximum-likelihood Logistic Regression",
  year = "2011",
  journal = "Math Geosci",
  volume = "43",
  number = "1",
  pages = "99--120"
}

%==Ref5
@article{Mostafizur2013,
  author = "Mostafizur Rahman, M and Davis, DN",
  title = "Addressing the Class Imbalance Problem in Medical Datasets",
  year = "2013",
  journal = "Int J Mach Learn Comput",
  volume = "3",
  number = "2",
  pages = "224--228"
}

%==Ref7
@article{Smote2018,
  author = "Fernández, A and García, S and Herrera, F and Chawla, NV",
  title = "SMOTE for Learning from Imbalanced Data: Progress and Challenges, Marking the 15-year Anniversary",
  year = "2018",
  journal = "J Artif Intell Res",
  volume = "61",
  pages = "863--905"
}

%==Ref8
@article{Hoorde2015,
  author = {Van Hoorde, K and Van Huffel, S and Timmerman, D and Bourne, T and Van Calster, B},
  title = {A spline-based tool to assess and visualize the calibration of multiclass risk predictions},
  year = {2015},
  journal = {J Biomed Inform X},
  volume = {54},
  pages = {283--293}
}


%==Ref9
@article{Guo2019,
  author = "Guo, H and Nguyen, H. and Vu, D. and Bui, X",
  title = "Forecasting mining capital cost for open-pit mining projects based on artificial neural network approach [Published online ahead of print August 23 2019]",
  year = {2019},
  journal = "Resour. Policy",
  doi = "https://doi.org/10.1016/j.resourpol.2019.101474"
}

@article{Hanley1982,
  author = {Hanley, JA and McNeil, BJ},
  title = {The Meaning and Use of the Area under a Receiver Operating Characteristic (ROC) Curve},
  year = {1982},
  journal = {Radiology},
  volume = {143},
  number = {1},
  pages = {29--36}
 }
@article{Cox1958,
  author = {Cox, DR},
  title = {Two further applications of a model for binary regression},
  year = {1958},
  journal = {Biometrica},
  volume = {45},
  number = {3/4},
  pages = {562--565}
 }
  
@article{Miller1991,
  author = {Miller, ME and Hui, SL and Tierney, WM},
  title = {Validation techniques for logistic regression models},
  journal = {statist med},
  year = {1991},
  volume = {10},
  number = {8},
  pages = {1213--1226}
 }
 
@article{Breiman2001,
  author = {Breiman, L},
  title = {Random Forests},
  year = {2001},
  journal = {MACH LEARN},
  volume = {45},
  number = {1},
  pages = {5--32}
 }

 @article{Chawla2002,
  author = {Chawla, NV and Bowyer, KW and Hall, LO and Kegelkeyer, WP},
  title = {SMOTE: Synthetic Minority Over-sampling Technique},
  journal = {J Artif Intell Res},
  year = {2002},
  volume = {16},
  number = {1},
  pages = {321--357}
 }
 

@article{VanCalster2014,
	author = {Van Calster, Ben and Van Hoorde, Kirsten and Valentin, Lil and Testa, Antonia C and Fischerova, Daniela and Van Holsbeke, Caroline and Savelli, Luca and Franchi, Dorella and Epstein, Elisabeth and Kaijser, Jeroen and Van Belle, Vanya and Czekierdowski, Artur and Guerriero, Stefano and Fruscio, Robert and Lanzani, Chiara and Scala, Felice and Bourne, Tom and Timmerman, Dirk},
	title = {Evaluating the risk of ovarian cancer before surgery using the ADNEX model to differentiate between benign, borderline, early and advanced stage invasive, and secondary metastatic tumours: prospective multicentre diagnostic study},
	volume = {349},
	elocation-id = {g5920},
	year = {2014},
	doi = {10.1136/bmj.g5920},
	publisher = {BMJ Publishing Group Ltd},
	URL = {https://www.bmj.com/content/349/bmj.g5920},
	eprint = {https://www.bmj.com/content/349/bmj.g5920.full.pdf},
	journal = {BMJ}
}

@article{VanCalster2016,
    author = {Van Calsterm B and Nieboer, D and Vergouwe, Y and De Cock, B and Pencina, MJ and Steyerberg EW.},
    title = {A calibration hierarchy for risk models was defined: from utopia to empirical data},
    year = {2016},
    journal = {J Clin Epidemiol},
    pages = {167--176},
    volume = {74}
    }

@article{Collell2018,
    author = {Collell, G and Prelec, D and Patil, KR},
    title = {A simple plug-in bagging ensemble based on threshold-moving for classifying binary and multiclass imbalanced data},
    year = {2018},
    journal = {Neurocomputing},
    pages = {330 -- 340},
    volume = {275}
    }
    
@article{schaefer1984,
    author = {R.L.   Schaefer  and    L.D.   Roi  and    R.A.   Wolfe },
    title = {A ridge logistic estimator},
    journal = {Commun Stat Theory Meth},
    volume = {13},
    number = {1},
    pages = {99--113},
    year  = {1984}
}

@article{lecessie,
 author = {S. Le Cessie and J. C. Van Houwelingen},
 title = {Ridge Estimators in Logistic Regression},
 journal = {J R Stat Soc C},
 number = {1},
 pages = {191--201},
 volume = {41},
 year = {1992}
}

@article{khalilia,
 author = {Khalilia, Mohammed and Chakraborty, Sounak and Popescu, Mihail},
 title = {Predicting disease risks from highly imbalanced data using random forest},
 journal = {BMC Med. Inform. Decis.},
 number = {1},
 pages = {1--13},
 volume = {11},
 year = {2011}
}

 %%%%%%%% In Proceedings %%%%%%%%
 
 
 @InProceedings{Chen2016,
  author = {Chen, T and Guestrin, C},
  title = {XGBoost: A Scalable Tree Boosting System},
  series = {Proceedings of the 22nd ACM SIGKDD International Conference on Knowledge Discovery and Data Mining},
  year = {2016},
  pages = {785--794},
  publisher = {Association for Computer Machinery},
  address = {New York, NY}
 }

@InProceedings{Maloof2003,
    author = {Maloof, Marcus},
    title = {Learning When Data Sets are Imbalanced and When Costs are Unequal and Unknown},
    series = {ICML-2003 Workshop on Learning from
    Imbalanced Data Sets II},
    year = {2003},
    url = {http://www.site.uottawa.ca/~nat/Workshop2003/workshop2003.html}
} 

%%%%%%%%%% BOOKS %%%%%%%%%%% 

@book{Fernandez2018,
  author = {Fernández, A and García, S and Galar, M and Krawczyk, B and Herrera, F},
  title = {Learning from Imbalanced Data Sets},
  year = {2018},
  publisher = {Springer}
}

@book{Steyerberg2009,
  author = {Steyerberg, E},
  title = {Clinical Prediction Models: A Practical Approach to Development, Validation and Updating},
  year = {2019},
  publisher = {Springer International Publishing},
  edition = {2th}
}

@BOOK{Pepe2003,
  AUTHOR = {Pepe, Margaret Sullivan},
  TITLE = {The statistical evaluation of medical tests for classification and prediction},
  YEAR = {2003}, 
  PUBLISHER = {Oxford University Press},
}


%%%%%%%%%%%%%%%%% PACKAGES %%%%%%%%%%%%%%%%%%%%%%
@Manual{R,
    title = {R: A Language and Environment for Statistical Computing},
    author = {{R Core Team}},
    organization = {R Foundation for Statistical Computing},
    address = {Vienna, Austria},
    year = {2019},
    url = {https://www.R-project.org/},
  }
  
@Manual{auRoc,
    title = {auRoc: Various Methods to Estimate the AUC},
    author = {Dai Feng and Damjan Manevski and Maja Pohar Perme},
    year = {2020},
    note = {R package version 0.2-1},
    url = {https://CRAN.R-project.org/package=auRoc},
  }
  
@Manual{smotefamily,
    title = {smotefamily: A Collection of Oversampling Techniques for Class Imbalance Problem Based on SMOTE},
    author = {Wacharasak Siriseriwan},
    year = {2019},
    note = {R package version 1.3.1},
    url = {https://CRAN.R-project.org/package=smotefamily},
  }
  
 @Article{glmnet,
  title = {Regularization Paths for Cox's Proportional Hazards Model via Coordinate Descent},
  author = {Noah Simon and Jerome Friedman and Trevor Hastie and Rob Tibshirani},
  journal = {J. Stat. Softw},
  year = {2011},
  volume = {39},
  number = {5},
  pages = {1--13},
  url = {http://www.jstatsoft.org/v39/i05/},
}

@Article{randomForest,
    title = {Classification and Regression by randomForest},
    author = {Andy Liaw and Matthew Wiener},
    journal = {R News},
    year = {2002},
    volume = {2},
    number = {3},
    pages = {18-22},
    url = {https://CRAN.R-project.org/doc/Rnews/},
  }

@Manual{xgboost,
    title = {xgboost: Extreme Gradient Boosting},
    author = {Tianqi Chen and Tong He and Michael Benesty and Vadim Khotilovich and Yuan Tang and Hyunsu Cho and Kailong Chen and Rory Mitchell and Ignacio Cano and Tianyi Zhou and Mu Li and Junyuan Xie and Min Lin and Yifeng Geng and Yutian Li},
    year = {2020},
    note = {R package version 1.2.0.1},
    url = {https://CRAN.R-project.org/package=xgboost},
  }

@Manual{caret,
    title = {caret: Classification and Regression Training},
    author = {Max Kuhn},
    year = {2020},
    note = {R package version 6.0-86},
    url = {https://CRAN.R-project.org/package=caret},
  }


%used in smotefamily to determine KNN
@Manual{FNN, 
    title = {FNN: Fast Nearest Neighbor Search Algorithms and Applications},
    author = {Alina Beygelzimer and Sham Kakadet and John Langford and Sunil Arya and David Mount and Shengqiao Li},
    year = {2019},
    note = {R package version 1.1.3},
    url = {https://CRAN.R-project.org/package=FNN}
  }
